<?xml version="1.0" encoding="UTF-8"?><collection xmlns="http://www.loc.gov/MARC21/slim"><record><leader>00425nam--2200133-i-4500</leader><controlfield tag="001">000015853</controlfield><controlfield tag="002">20161230</controlfield><controlfield tag="005">20161230201031</controlfield><controlfield tag="008">060222s1000------------r-----000-0-eng-d</controlfield><datafield ind1=" " ind2=" " tag="080"><subfield code="a">621.375.826(043)</subfield></datafield><datafield ind1=" " ind2=" " tag="100"><subfield code="a">Debarre, Anne</subfield></datafield><datafield ind1=" " ind2=" " tag="245"><subfield code="a">Transferts d`excitation assistes par laser et ionisation par collisions superelastique dans des vapeurs atomique. these</subfield></datafield><datafield ind1=" " ind2=" " tag="260"><subfield code="a">Orsay, Univ. De Paris-sud, 1985. 128 P</subfield></datafield><datafield ind1=" " ind2=" " tag="852"><subfield code="a">74068</subfield></datafield></record></collection>